@misc{AlessandroKonradThomasVellekoopCIP67AssetName2022,
  type = {Cardano {{Improvement Proposal}}},
  title = {{{CIP-67}}: {{Asset Name Label Registry}}},
  author = {{Alessandro Konrad} and {Thomas Vellekoop}},
  year = {2022},
  month = jul,
  number = {CIP-67},
  publisher = {Cardano Foundation},
  url = {https://github.com/cardano-foundation/CIPs/tree/master/CIP-0067},
  urldate = {2025-01-26},
  abstract = {Cardano Improvement Proposals (CIPs). Contribute to cardano-foundation/CIPs development by creating an account on GitHub.},
  langid = {english}
}

@misc{PolinaVinogradovaAndreKnispelFormalSpecificationCardano2020,
  type = {Technical {{Specification}}},
  title = {A {{Formal Specification}} of the {{Cardano Ledger}} with a {{Native Multi-Asset Implementation}}},
  shorttitle = {Cardano {{Mary}} Specification},
  author = {{Polina Vinogradova} and {Andre Knispel}},
  year = {2020},
  month = aug,
  publisher = {Input Output Global},
  url = {https://github.com/intersectmbo/cardano-ledger/releases/latest/download/mary-ledger.pdf}
}
